<?xml version="1.0" encoding="UTF-8"?><collection><record><leader>07920ntm a2200589 a 4500</leader><controlfield tag="001">006822558</controlfield><controlfield tag="003">MiAaHDL</controlfield><controlfield tag="005">20190719000000.0</controlfield><controlfield tag="006">m        d        </controlfield><controlfield tag="007">cr bn ---auaua</controlfield><controlfield tag="008">090624s1708    xx            00| ||per d</controlfield><datafield tag="035" ind1=" " ind2=" "><subfield code="a">(MiU)006822558</subfield></datafield><datafield tag="035" ind1=" " ind2=" "><subfield code="a">sdr-miu006822558</subfield></datafield><datafield tag="040" ind1=" " ind2=" "><subfield code="a">MiU</subfield><subfield code="c">MiU</subfield><subfield code="e">amremm</subfield></datafield><datafield tag="041" ind1="0" ind2=" "><subfield code="a">per</subfield><subfield code="a">ota</subfield></datafield><datafield tag="043" ind1=" " ind2=" "><subfield code="a">n-us-mi</subfield></datafield><datafield tag="245" ind1="0" ind2="0"><subfield code="6">880-02</subfield><subfield code="a">ʻUlālat al-majālis majmūʻat al-nafāʼis,</subfield><subfield code="f">[ca. 1120, i.e. 1708].</subfield></datafield><datafield tag="246" ind1="3" ind2=" "><subfield code="i">Edge title (head):</subfield><subfield code="a">مجموعۀ غريبه با خط نعيما افندى</subfield></datafield><datafield tag="246" ind1="3" ind2=" "><subfield code="6">880-03</subfield><subfield code="i">Title from inscription on front flyleaf (p.1):</subfield><subfield code="a">مجموعۀ نفيسه</subfield></datafield><datafield tag="246" ind1="3" ind2=" "><subfield code="a">Ulaletü'l-mecalis mecmuatü'n-nefais</subfield></datafield><datafield tag="260" ind1=" " ind2=" "><subfield code="c">[ca. 1708].</subfield></datafield><datafield tag="300" ind1=" " ind2=" "><subfield code="a">264 leaves :</subfield><subfield code="b">paper ;</subfield><subfield code="c">222 x 135 (170-180 x 80-86) mm.</subfield></datafield><datafield tag="500" ind1=" " ind2=" "><subfield code="a">Shelfmark: Ann Arbor, University of Michigan, Special Collections Library, Isl. Ms. 409</subfield></datafield><datafield tag="500" ind1=" " ind2=" "><subfield code="a">Origin: According to colophon on p.276, copied by the Ottoman historian Mustafa Naima (مصطفى نعيما / Muṣṭafá Naʻīmā, d.1716) with transcription of opening sections completed in the final days of Rajab 1120 [October 1708] ; inscription on front flyleaf (p.1) also indicates that the mecmua is in the hand of Naima, "مجموعۀ نفيسه با خط مرحوم المبرور نعيمآى باهر الفضائل رحمه الله" as does the inscription on the head edge of the text block "مجموعۀ غريبه با خط نعيما افندى" ; date of 1123 [1711 or 12] appears on p.341 and date of 1121 [1709 or 10] appears on p.500.</subfield></datafield><datafield tag="500" ind1=" " ind2=" "><subfield code="a">Former shelfmark: "76 T. De M. [i.e. Tammaro De Marinis]" inscribed in pencil on verso of front flyleaf (p.2) ; "٢١٧" on tail edge of text block.</subfield></datafield><datafield tag="500" ind1=" " ind2=" "><subfield code="a">Binding: Pasteboards covered in dark brown leather ; Type III binding (without flap), two-piece binding (seam of overlapping flanges visible at spine) ; doublures in brown leather with tooled and gold-filled central ornament following the outline of the stamped lozenge and pendants on each cover and filled with floral motifs, set off by gold-tooled accents and gold-painted borders ; upper and lower covers carry stamped (recessed onlays in red leather) and gold-painted central lozenge (filled with symmetrical vegetal composition) and pendants, as well as gold-tooled accents and border in a series of s-shaped stamps ; sewn in dark blue thread, two stations ; worked chevron endbands in blue and pink, tailband gone, headband damaged with some losses ; overall in fair condition with some abrasion, staining, lifting of leather, etc.</subfield></datafield><datafield tag="500" ind1=" " ind2=" "><subfield code="a">Support: European and non-European laid paper (most gatherings composed of bifolia in both) in several types ; main European type with 12 laid lines per cm. (vertical), chain lines spaced 26-29 mm. apart (horizontal) and watermark of crown above cartouche with initials (difficult to make out) and diamond-shaped medallion reminiscent of grapes below (see p.58, 246, 298, 436, 484, 498, 510, etc. and compare Raisin no.6 in Velkov, Les Filigranes dans les documents Ottomans, appearing in ms. copied in Istanbul 1710) ; other watermarks include mount of six coupeaux with "GB" [?] below (see p.502, 506, etc.) and crown above cartouche with "PSD" and grapes (raisin) below (see p.518 and compare Raisin nos. 7-8 in Velkov, Les Filigranes dans les documents Ottomans, appearing in mss. copied in Istanbul 1711) ; main non-European type with 7-8 laid lines per cm. (vertical, fairly indistinct) and no chain lines visible ; all quite well-sized and burnished, mainly cream or dark cream with some leaves tinted blue or yellow ; staining and tidelines.</subfield></datafield><datafield tag="500" ind1=" " ind2=" "><subfield code="a">Decoration: Headings and keywords rubricated ; textual dividers in the form of red discs, hāʼ, etc. ; in some sections, written area and columns within surrounded by a gold frame outlined in black fillets.</subfield></datafield><datafield tag="500" ind1=" " ind2=" "><subfield code="a">Script: Nastaʻlīq (talik) ; elegant Turkish / Ottoman hand in a medium line ; serifless with slight effect of inclination to the right, gentle descent of words to baseline, elongation of horizontal strokes, mainly closed counters, pointing mainly in conjoined dots.</subfield></datafield><datafield tag="500" ind1=" " ind2=" "><subfield code="a">Layout: Varies, though mainly in as many as 27 lines per page, divided to two columns ; elsewhere in as many as 41 lines across the diagonal ; frame-ruled.</subfield></datafield><datafield tag="500" ind1=" " ind2=" "><subfield code="a">Collation: i, V+1 (11), VI (23), II+1 (28), III+1 (35), IV (43), IV+1 (52), 6 V(112), III+1 (119), 6 V(179), IV (187), IV+1 (196), 4 V(236), V-1 (245), V (255), V-1 (254), V (264), i ; many quinions ; numerous lacuna, with many leaves left fully or partially blank between sections ; foliation in black ink, Hindu-Arabic numerals ; pagination in pencil, Western numerals, supplied during digitization (includes flyleaves).</subfield></datafield><datafield tag="500" ind1=" " ind2=" "><subfield code="a">Colophon: "Scribal," triangular, reads "قد وقع الفراغ من تسويده على يد عبد الفقير مصطفى نعيما عامله الله بلطفه العميم وذلك فى اواخر رجب الفرد سنه ١١٢٠"</subfield></datafield><datafield tag="500" ind1=" " ind2=" "><subfield code="a">Title from rubricated inscription on opening leaf (p.3).</subfield></datafield><datafield tag="500" ind1=" " ind2=" "><subfield code="a">Ms. codex.</subfield></datafield><datafield tag="510" ind1="4" ind2=" "><subfield code="a">Velkov, Asparouh. Les Filigranes dans les documents Ottomans: divers types d’images. Sofia: Éditions "Texte - A. Trayanov", 2005.</subfield></datafield><datafield tag="510" ind1="4" ind2=" "><subfield code="a">Cat. Pers. MSS. Brit. Mus.,</subfield><subfield code="c">p. 693 ff.</subfield></datafield><datafield tag="510" ind1="4" ind2=" "><subfield code="a">Woodhead, Christine. "Naʿīmā." In EI2,</subfield><subfield code="c">vol. VII, p.917, col. 1</subfield></datafield><datafield tag="520" ind1="8" ind2=" "><subfield code="a">Elegant copy of a collection (mecmua / majmūʻah) of poetic extracts in Persian and Ottoman Turkish, apparently compiled and copied by the Ottoman historian Mustafa Naima (d.1716), opening with selections from the Dīvān of Mīrzā Muḥammad ʻAlī Ṣāʼib Tabrīzī (d. between 1080/1669-70 and 1088/1677-8). Later additions in at least two other hands.</subfield></datafield><datafield tag="538" ind1=" " ind2=" "><subfield code="a">Mode of access: Internet.</subfield></datafield><datafield tag="541" ind1=" " ind2=" "><subfield code="c">Purchase ;</subfield><subfield code="a">Acquired by purchase (funds donated by Horace Rackham).</subfield><subfield code="d">1924.</subfield></datafield><datafield tag="546" ind1=" " ind2=" "><subfield code="a">Persian and Ottoman Turkish.</subfield></datafield><datafield tag="561" ind1=" " ind2=" "><subfield code="a">Possible former shelfmarks or sellers' marks on front flyleaf (p.1) "١٥٧" etc. ; ownership statement (likely dated 1286 [1869 or 70] on front flyleaf (p.1) in name of Mustafa Reşit (السيد مصطفى رشيد / Muṣṭafá Rashīd), son of the grand vezir Mehmet Emin Âli Paşa (d.1871), statement reads "من كتب الفقير الى الاء ربه المجيد السيد مصطفى رشيد مخدوم وزير اعظم سيد محمد امين عالى پاشا يسر الله ..." (compare statements and seal impressions in other manuscripts, including Isl. Ms. 226 and Isl. Ms. 389, along with Isl. Ms. 308, Isl. Ms. 399 and Isl. Ms. 371) ; possible former owner's inscription on opening 'title page' (p.5) in name of Abullah Raşit Efendi "الفقير عبد الله راشد افندى" ; marginal glosses and notabilia (often rubricated) ; later excerpts in other hands, e.g. hand supplying excerpts of p.279, pp.351-359 (where the date 1171 [1757 or 8] appears) and p.524 ff. which may have also supplied the note and excerpts on the front flyleaf and the hand supplying p.426 (where the dates 1133 and 1132 [1719-21] appear), p.428, pp.512-513, etc. which is similar to the hand supplying the text on the verso of the opening leaf (p.4).</subfield></datafield><datafield tag="650" ind1=" " ind2="0"><subfield code="a">Manuscripts, Turkish</subfield><subfield code="z">Michigan</subfield><subfield code="z">Ann Arbor.</subfield></datafield><datafield tag="650" ind1=" " ind2="0"><subfield code="a">Manuscripts, Persian</subfield><subfield code="z">Michigan</subfield><subfield code="z">Ann Arbor.</subfield></datafield><datafield tag="650" ind1=" " ind2="0"><subfield code="a">Turkish poetry.</subfield></datafield><datafield tag="650" ind1=" " ind2="0"><subfield code="a">Persian poetry</subfield><subfield code="y">1500-1796.</subfield></datafield><datafield tag="700" ind1="0" ind2=" "><subfield code="a">Abdülhamid</subfield><subfield code="b">II,</subfield><subfield code="c">Sultan of the Turks,</subfield><subfield code="d">1842-1918,</subfield><subfield code="e">former owner.</subfield></datafield><datafield tag="700" ind1="0" ind2=" "><subfield code="6">880-04</subfield><subfield code="a">Naima, Mustafa,</subfield><subfield code="d">1655-1716,</subfield><subfield code="e">scribe.</subfield></datafield><datafield tag="773" ind1="0" ind2=" "><subfield code="a">Abdul Hamid Collection.</subfield></datafield><datafield tag="880" ind1="0" ind2=" "><subfield code="6">700-04/</subfield><subfield code="a">نعيما، مصطفى،</subfield><subfield code="e">ناسخ.</subfield></datafield><datafield tag="880" ind1="3" ind2=" "><subfield code="6">246-03/</subfield><subfield code="a">Mecmua-yi nefise</subfield></datafield><datafield tag="880" ind1="0" ind2="0"><subfield code="6">245-02/</subfield><subfield code="a">علالة المجالس مجموعة النفائس,</subfield><subfield code="f">[ح 1120ه، 1708م].</subfield></datafield><datafield tag="CID" ind1=" " ind2=" "><subfield code="a">006822558</subfield></datafield><datafield tag="DAT" ind1="0" ind2=" "><subfield code="a">20190719102640.0</subfield><subfield code="b">20190719000000.0</subfield></datafield><datafield tag="DAT" ind1="1" ind2=" "><subfield code="a">20190719090653.0</subfield><subfield code="b">2019-07-19T16:12:04Z</subfield></datafield><datafield tag="DAT" ind1="2" ind2=" "><subfield code="a">2015-10-10T18:00:06Z</subfield></datafield><datafield tag="CAT" ind1=" " ind2=" "><subfield code="a">SDR-MIU</subfield><subfield code="d">EX LIBRIS - ALEPH</subfield><subfield code="l">prepare.pl-004-008</subfield></datafield><datafield tag="FMT" ind1=" " ind2=" "><subfield code="a">BK</subfield></datafield><datafield tag="HOL" ind1=" " ind2=" "><subfield code="0">sdr-miu006822558</subfield><subfield code="a">MiU</subfield><subfield code="b">SDR</subfield><subfield code="c">MIU</subfield><subfield code="p">mdp.39015079130764</subfield><subfield code="s">MIU</subfield><subfield code="1">006822558</subfield></datafield><datafield tag="974" ind1=" " ind2=" "><subfield code="b">MIU</subfield><subfield code="c">MIU</subfield><subfield code="d">20190719</subfield><subfield code="s">lit-dlps-dc</subfield><subfield code="u">mdp.39015079130764</subfield><subfield code="y">1708</subfield><subfield code="r">pd</subfield><subfield code="q">bib</subfield><subfield code="t">non-US bib date1 &lt; 1896</subfield></datafield></record></collection>